@MISC{
	photoshop,
	title = {Photoshop main page},
	howpublished = {\url{https://www.photoshop.com/}}
	
}
@MISC{
	gimp,
	title = {GIMP - The Free and Open Source Image Editor},
	howpublished = {\url{https://www.gimp.org/}}
	
}
@MISC{
	paintdotnet,
	title = {Paint dot net main page},
	howpublished = {\url{https://www.getpaint.net/}}
	
}
@MISC{
	tiled,
	title = {Tiled - your free, easy to use and flexible level editor},
	howpublished = {\url{https://www.mapeditor.org/}}
	
}
@MISC{
	graphviz,
	title = {Graphviz - Graph Visualization Software},
	howpublished = {\url{http://www.graphviz.org/}}
	
}
@MISC{
	haskell-diagrams,
	title = {diagrams: Embedded domain-specific language for declarative vector graphics},
	howpublished = {\url{http://hackage.haskell.org/package/diagrams}}
	
}
@MISC{
	finite-state-machine-designer,
	title = {Finite State Machine Designer},
	howpublished = {\url{http://madebyevan.com/fsm/}}
	
}
@MISC{
	construct,
	title = {Construct 3 - Game Making Software},
	howpublished = {\url{https://www.construct.net/en}}
	
}
@MISC{
	xna4,
	title = {Microsoft XNA Framework Redistributable 4.0},
	howpublished = {\url{https://www.microsoft.com/en-us/download/details.aspx?id=20914}}
	
}
@MISC{
	monogame,
	title = {MonoGame - One framework for creating powerful cross-platform games},
	howpublished = {\url{http://www.monogame.net/}}
	
}
@MISC{
	unity,
	title = {Unity for all},
	howpublished = {\url{https://unity.com}}
	
}
@MISC{
	unreal,
	title = {Unreal Engine - Make something unreal with the most powerful creation engine},
	howpublished = {\url{https://www.unrealengine.com/en-US/}}
	
}
@MISC{
	gamemaker,
	title = {YoYo Games main page},
	howpublished = {\url{https://www.yoyogames.com/}}
	
}
@MISC{
	supermetroid,
	title = {Nintendo's page for Super Metroid},
	howpublished = {\url{https://www.nintendo.es/Juegos/Super-Nintendo/Super-Metroid-279613.html}}
	
}
@MISC{
	cavestory,
	title = {Cave Story - Doukutsu Monogatari},
	howpublished = {\url{https://www.cavestory.org/}}
	
}
@MISC{
	ori,
	title = {Ori And The Blind Forest main page},
	howpublished = {\url{https://www.orithegame.com/blind-forest/}}
	
}
@MISC{
	hollowknight,
	title = {Hollow Knight main page},
	howpublished = {\url{https://hollowknight.com/}}
	
}
@MISC{
	cpp,
	title = {General information, tutorials, references and articles about the C++ programming language},
	howpublished = {\url{http://www.cplusplus.com/}}
	
}
@MISC{
	cpp2,
	title = {w3schools about c++},
	howpublished = {\url{https://www.w3schools.com/cpp/cpp_intro.asp}}
	
}
@MISC{
	qt,
	title = {Qt - Software development made smarter},
	howpublished = {\url{https://www.qt.io/}}
	
}
@MISC{
	qml,
	title = {Qt documentation about the QML (Qt Meta Language)},
	howpublished = {\url{https://doc.qt.io/qt-5/qtqml-index.html}}
	
}
@MISC{
	git,
	title = {git --everything-is-local},
	howpublished = {\url{https://git-scm.com/}}
	
}
@MISC{
	github,
	title = {The world's leading software development platform Â· GitHub},
	howpublished = {\url{https://github.com/}}
	
}
@MISC{
	bitbucket,
	title = {Bitbucket | The Git solution for professional teams},
	howpublished = {\url{https://bitbucket.org/}}
	
}
@MISC{
	json,
	title = {JSON standard main page},
	howpublished = {\url{https://www.json.org/}}
	
}
@MISC{
	jsonecma,
	title = {The JSON Data Interchange Syntax},
	howpublished = {\url{http://www.ecma-international.org/publications/files/ECMA-ST/ECMA-404.pdf}}
	
}
@MISC{
	texstudio,
	title = {integrated writing environment for creating LaTeX documents},
	howpublished = {\url{https://www.texstudio.org/}}
	
}



@MISC{
	guid,
	title = {What is a GUID?},
	howpublished = {\url{http://guid.one/guid}}
}

@MISC{
	uuid,
	title = {A Universally Unique IDentifier (UUID) URN Namespace},
	howpublished = {\url{https://tools.ietf.org/html/rfc4122}}
	
}
@MISC{
	tag,
	title = {},
	howpublished = {\url{}}
	
}
@MISC{
	tag,
	title = {},
	howpublished = {\url{}}
	
}
@MISC{
	tag,
	title = {},
	howpublished = {\url{}}
	
}